<?xml version="1.0" encoding="UTF-8"?><record xmlns="http://www.loc.gov/MARC21/slim" xmlns:cinclude="http://apache.org/cocoon/include/1.0" xmlns:zs="http://www.loc.gov/zing/srw/">
  <leader>00482nz  a2200133n  4500</leader>
  <controlfield tag="001">n 2003130708</controlfield>
  <controlfield tag="003">DLC</controlfield>
  <controlfield tag="005">20031106044103.0</controlfield>
  <controlfield tag="008">031106n| acannaabn          |n aaa      </controlfield>
  <datafield tag="010" ind1=" " ind2=" ">
    <subfield code="a">n 2003130708</subfield>
  </datafield>
  <datafield tag="035" ind1=" " ind2=" ">
    <subfield code="a">(DNLM)1242159</subfield>
  </datafield>
  <datafield tag="040" ind1=" " ind2=" ">
    <subfield code="a">DNLM</subfield>
    <subfield code="b">eng</subfield>
    <subfield code="c">DNLM</subfield>
  </datafield>
  <datafield tag="100" ind1="1" ind2=" ">
    <subfield code="a">Peterson, Kerry D.</subfield>
  </datafield>
  <datafield tag="670" ind1=" " ind2=" ">
    <subfield code="a">Dissection guide for human anatomy, c2003:</subfield>
    <subfield code="b">CIP t.p. (Kerry D. Peterson, LFP, dir., Body Donor Program, Dept. of Neurobiology &amp; Anatomy, Univ. of Utah Sch. of Medicine, Salt Lake City, Utah)</subfield>
  </datafield>
</record>